@inbook{molisch2012wireless,
  title={Wireless Communications},
  author={Molisch, Andreas F},
  edition={Second},
  pages={83},
  year={2012},
  publisher={John Wiley \& Sons}
}

@inproceedings{tang2003analysis,
  title={{Analysis and Simulation of Nakagami Fading Channel with MATLAB}},
  author={Tang, Li and Hongbo, Zhu},
  booktitle={Asia-Pacific Conference on Environmental Electromagnetics, 2003. CEEM 2003. Proceedings.},
  pages={490--494},
  year={2003},
  organization={IEEE}
}

@article{prabhu2002simulation,
  title={{Simulation of Flat Fading Using MATLAB for Classroom Instruction}},
  author={Prabhu, Gayatri S and Shankar, P Mohana},
  journal={IEEE Transactions on Education},
  volume={45},
  number={1},
  pages={19--25},
  year={2002},
  publisher={IEEE}
}

@manual{nist2012,
      title  = {{NIST/SEMATECH e-Handbook of Statistical Methods}},
      organization = {US Department of Commerce, NIST},
      note   = "\url{http://www.itl.nist.gov/div898/handbook/}",
      year   = "2012 (accessed May 20, 2020)"
}

